@article{fikes1971strips,
  title={STRIPS: A new approach to the application of theorem proving to problem solving},
  author={Fikes, Richard E and Nilsson, Nils J},
  journal={Artificial intelligence},
  volume={2},
  number={3-4},
  pages={189--208},
  year={1971},
  publisher={Elsevier}
}

@article{bylander1994computational,
  title={The computational complexity of propositional STRIPS planning},
  author={Bylander, Tom},
  journal={Artificial Intelligence},
  volume={69},
  number={1-2},
  pages={165--204},
  year={1994},
  publisher={Elsevier}
}

@article{pednault1986formulating,
  title={Formulating multiagent, dynamic-world problems in the classical planning framework},
  author={Pednault, Edwin PD},
  journal={Reasoning about actions and plans},
  pages={47--82},
  year={1986}
}

@article{mcdermott1998pddl,
  title={PDDL-the planning domain definition language},
  author={McDermott, Drew and Ghallab, Malik and Howe, Adele and Knoblock, Craig and Ram, Ashwin and Veloso, Manuela and Weld, Daniel and Wilkins, David},
  year={1998}
}

@techreport{sacerdoti1975structure,
  title={A structure for plans and behavior},
  author={Sacerdoti, Earl D},
  year={1975},
  institution={SRI INTERNATIONAL MENLO PARK CA ARTIFICIAL INTELLIGENCE CENTER}
}

@article{korf1987planning,
  title={Planning as search: A quantitative approach},
  author={Korf, Richard E},
  journal={Artificial Intelligence},
  volume={33},
  number={1},
  pages={65--88},
  year={1987},
  publisher={Elsevier}
}

@techreport{waldinger1975achieving,
  title={Achieving several goals simultaneously, SRI Artificial Intelligence Center Tech},
  author={Waldinger, Richard},
  year={1975},
  institution={Note 107, Menlo Park, CA}
}

@inproceedings{hertzberg1989towards,
  title={Towards a Theory of Conflict Detection and Resolution in Nonlinear Plans.},
  author={Hertzberg, Joachim and Horz, Alexander},
  booktitle={IJCAI},
  pages={937--942},
  year={1989}
}

@inproceedings{tate1975interacting,
  title={Interacting Goals And Their Use.},
  author={Tate, Austin},
  booktitle={IJCAI},
  volume={10},
  pages={215--218},
  year={1975}
}

@book{sussman1975computer,
  title={A computer model of skill acquisition},
  author={Sussman, Gerald Jay},
  volume={1},
  year={1975},
  publisher={American Elsevier Publishing Company New York}
}

@inproceedings{bonet1999planning,
  title={Planning as heuristic search: New results},
  author={Bonet, Blai and Geffner, Hector},
  booktitle={European Conference on Planning},
  pages={360--372},
  year={1999},
  organization={Springer}
}